<?xml version="1.0" encoding="UTF-8"?><collection xmlns="http://www.loc.gov/MARC21/slim"><record><leader>00359nam--2200133-i-4500</leader><controlfield tag="001">000019985</controlfield><controlfield tag="002">20161230</controlfield><controlfield tag="005">20161230201033</controlfield><controlfield tag="008">060222s1000------------r-----000-0-eng-d</controlfield><datafield ind1=" " ind2=" " tag="080"><subfield code="a">608:377.4</subfield></datafield><datafield ind1=" " ind2=" " tag="100"><subfield code="a">Eminescu, Yolanda</subfield></datafield><datafield ind1=" " ind2=" " tag="245"><subfield code="a">Tratat de proprietate industriala.creatii noi</subfield></datafield><datafield ind1=" " ind2=" " tag="260"><subfield code="a">Bucuresti, Editura Academiei R.S.R.., 1982. 199 P</subfield></datafield><datafield ind1=" " ind2=" " tag="852"><subfield code="a">49961</subfield></datafield></record></collection>